@article{brown1991,
	author  = {Judith C. Brown},
	title   = {Calculation of a Constant {Q} Spectral Transform},
	journal = {Journal of the Acoustical Society of America},
	volume  = {89},
	number  = {1},
	pages   = {425-434},
	month   = January,
	year    = {1991},
}

@article{brown1992,
	author  = {Judith C. Brown and Miller S. Puckette},
	title   = {An Efficient Algorithm for the Calculation of a Constant {Q} Transform},
	journal = {Journal of the Acoustical Society of America},
	volume  = {92},
	number  = {5},
	pages   = {2698-2701},
	month   = November,
	year    = {1992}
}

@article{davis1980,
	author  = {Steven B. Davis and Paul Mermelstein},
	title   = {Comparison of Parametric Representations for Monosyllabic Word Recognition in Continuously Spoken Sentences},
	journal = {IEEE Transactions on Acoustics, Speech, and Signal Processing},
	volume  = {28},
	number  = {4},
	pages   = {357-366},
	month   = August,
	year    = {1980}
}

@inproceedings{engel2017,
	author = {Jesse Engel and Cinjon Resnick and Adam Roberts and Sander Dieleman and Douglas Eck and Karen Simonyan and Mohammad Norouzi},
    title = {Neural Audio Synthesis of Musical Notes with {W}ave{N}et Autoencoders},
    booktitle = {34th International Conference on Machine Learning},
    address = {Sydney, NSW, Australia},
    month = {August 6-11}, 
    year = {2017}
}

@article{grey1977,
	author  = {John M. Grey},
	title   = {Multidimensional Perceptual Scaling of Musical Timbres},
	journal = {Journal of the Acoustical Society of America},
	volume  = {61},
	number  = {5},
	pages   = {1270â€“1277},
	month   = May,
	year    = {1977}
}

@book{moore2004,
	author = {Brian C. J. Moore},
    title = {An Introduction to the Psychology of Hearing},
    publisher = {Academic Press},
    year = {2004}
}

@book{mueller2007,
	author = {Meinard M\"{u}ller},
    title = {Information Retrieval for Music and Motion},
    publisher = {Academic Press},
    year = {Springer}
}

@techreport{peeters2003,
	author = {Geoffroy Peeters},
    title = {Digital Signal Processing: Principles, Algorithms and Applications},
    institution = {IRCAM},
    year = {2003}
}

@book{proakis1995,
	author = {John G. Proakis and Dimitris G. Manolakis},
    title = {Digital Signal Processing: Principles, Algorithms and Applications},
    publisher = {Prentice Hall},
    year = {1995}
}

@article{stevens1937,
	author  = {S. S. Stevens and J. Volkmann and E. B. Newman},
	title   = {A Scale for the Measurement of the Psychological Magnitude Pitch},
	journal = {Journal of the Acoustical Society of America},
	volume  = {8},
	number  = {3},
	pages   = {185-190},
	month   = January,
	year    = {1937}
}