@article{brown1991,
	author  = {Judith C. Brown},
	title   = {Calculation of a Constant {Q} Spectral Transform},
	journal = {Journal of the Acoustical Society of America},
	volume  = {89},
	number  = {1},
	pages   = {425-434},
	month   = January,
	year    = {1991},
}

@article{brown1992,
	author  = {Judith C. Brown and Miller S. Puckette},
	title   = {An Efficient Algorithm for the Calculation of a Constant {Q} Transform},
	journal = {Journal of the Acoustical Society of America},
	volume  = {92},
	number  = {5},
	pages   = {2698-2701},
	month   = November,
	year    = {1992}
}

@article{davis1980,
	author  = {Steven B. Davis and Paul Mermelstein},
	title   = {Comparison of Parametric Representations for Monosyllabic Word Recognition in Continuously Spoken Sentences},
	journal = {IEEE Transactions on Acoustics, Speech, and Signal Processing},
	volume  = {28},
	number  = {4},
	pages   = {357-366},
	month   = August,
	year    = {1980}
}

@inproceedings{engel2017,
	author = {Jesse Engel and Cinjon Resnick and Adam Roberts and Sander Dieleman and Douglas Eck and Karen Simonyan and Mohammad Norouzi},
    title = {Neural Audio Synthesis of Musical Notes with {W}ave{N}et Autoencoders},
    booktitle = {34th International Conference on Machine Learning},
    address = {Sydney, NSW, Australia},
    month = {August 6-11}, 
    year = {2017}
}

@book{fant1970,
	author = {Gunnar Fant},
    title = {Acoustic Theory of Speech Production},
    publisher = {Mouton De Gruyter},
    year = {1970}
}

@article{grey1977,
	author  = {John M. Grey},
	title   = {Multidimensional Perceptual Scaling of Musical Timbres},
	journal = {Journal of the Acoustical Society of America},
	volume  = {61},
	number  = {5},
	pages   = {1270–1277},
	month   = May,
	year    = {1977}
}

@article{knapp1976,
	author  = {Charles H. Knapp and G. Clifford Carter},
	title   = {The Generalized Correlation Method for Estimation of Time Delay
},
	journal = {IEEE Transactions on Acoustics, Speech, and Signal Processing},
	volume  = {24},
	number  = {4},
	pages   = {320-327},
	month   = August,
	year    = {1976}
}

@inproceedings{mcfee2015,
	author = {Brian McFee and Colin Raffel and Dawen Liang and Daniel PW Ellis and Matt McVicar and Eric Battenberg and Oriol Nieto},
    title = {{librosa}: Audio and Music Signal Analysis in Python},
    booktitle = {14th Python in Science Conference},
    address = {Austin, TX, USA},
    month = {July 6-12}, 
    year = {2015}
}

@article{mermelstein1976,
	author  = {Paul Mermelstein},
	title   = {Distance measures for speech recognition, psychological and instrumental},
	journal = {Pattern Recognition and Artificial Intelligence},
	pages   = {374-388},
	year    = {1976}
}

@book{moore2004,
	author = {Brian C. J. Moore},
    title = {An Introduction to the Psychology of Hearing},
    publisher = {Academic Press},
    year = {2004}
}

@book{mueller2007,
	author = {Meinard M\"{u}ller},
    title = {Information Retrieval for Music and Motion},
    publisher = {Springer},
    year = {2007}
}

@article{peeters2011,
	author = {Geoffroy Peeters},
    title = {The Timbre Toolbox: Extracting audio descriptors from musical signals},
    journal = {Journal of the Acoustical Society of America},
	volume  = {130},
	number  = {5},
	pages   = {2902-2916},
	month   = May,
    year = {2011}
}

@inproceedings{pons2017,
	author = {Jordi Pons and Olga Slizovskaia and Rong Gong and Emilia Gómez and Xavier Serra},
    title = {Timbre analysis of music audio signals with convolutional neural networks
},
    booktitle = {25th European Signal Processing Conference},
    address = {Kos, Greece},
    month = {August 28- September 2}, 
    year = {2017}
}

@book{proakis1995,
	author = {John G. Proakis and Dimitris G. Manolakis},
    title = {Digital Signal Processing: Principles, Algorithms and Applications},
    publisher = {Prentice Hall},
    year = {1995}
}

@inproceedings{schoerkhuber2010,
	author = {Christian Schoerkhuber and Anssi Klapuri},
    title = {Constant-{Q} transform toolbox for music processing},
    booktitle = {7th Sound and Music Computing Conference},
    address = {Barcelona, Spain},
    month = {July 21-24}, 
    year = {2010}
}

@article{stevens1937,
	author  = {S. S. Stevens and J. Volkmann and E. B. Newman},
	title   = {A Scale for the Measurement of the Psychological Magnitude Pitch},
	journal = {Journal of the Acoustical Society of America},
	volume  = {8},
	number  = {3},
	pages   = {185-190},
	month   = January,
	year    = {1937}
}