@article{brown1991,
	author  = {Judith C. Brown},
	title   = {Calculation of a Constant {Q} Spectral Transform},
	journal = {Journal of the Acoustical Society of America},
	volume  = {89},
	number  = {1},
	pages   = {425-434},
	month   = January,
	year    = {1991},
}

@article{brown1992,
	author  = {Judith C. Brown and Miller S. Puckette},
	title   = {An Efficient Algorithm for the Calculation of a Constant {Q} Transform},
	journal = {Journal of the Acoustical Society of America},
	volume  = {92},
	number  = {5},
	pages   = {2698-2701},
	month   = November,
	year    = {1992}
}

@inproceedings{engel2017,
	author = {Jesse Engel and Cinjon Resnick and Adam Roberts and Sander Dieleman and Douglas Eck and Karen Simonyan and Mohammad Norouzi},
    title = {Neural Audio Synthesis of Musical Notes with {W}ave{N}et Autoencoders},
    booktitle = {34th International Conference on Machine Learning},
    address = {Sydney, NSW, Australia},
    month = {August 6-11}, 
    year = {2017}
}